@misc{repo,
    author = {Ha Duong and Hoang Trung and Duc Tai and Minh Trung},
    title = {{Math for AI - MTH00056, AI23@HCMUS}},
    howpublished = {\url{https://github.com/ductai05/Math-For-AI/}},
    year = {2025},
}

@misc{demo,
    author = {Ha Duong and Hoang Trung and Duc Tai and Minh Trung},
    title = {{[MML - 23TNT1 - Nhóm 6] Đồ án cuối kì: CLIP}},
    howpublished = {\url{https://www.youtube.com/watch?v=1G227RKnv-k}},
    year = {2025},
}

@inproceedings{radford2021learning,
  title={Learning transferable visual models from natural language supervision},
  author={Radford, Alec and Kim, Jong Wook and Hallacy, Chris and Ramesh, Aditya and Goh, Gabriel and Agarwal, Sandhini and Sastry, Girish and Askell, Amanda and Mishkin, Pamela and Clark, Jack and others},
  booktitle={International conference on machine learning},
  pages={8748--8763},
  year={2021},
  organization={PmLR}
}

@misc{code_clip,
  author       = {OpenAI},
  title        = {{CLIP: Contrastive Language-Image Pre-training (Software Repository)}},
  howpublished = {\url{https://github.com/openai/CLIP}},
  year         = {2021}, 
  note         = {Accessed: 2025-05-20}
}

@misc{blog_clip,
  author       = {OpenAI},
  title        = {{CLIP: Connecting text and images}},
  howpublished = {\url{https://openai.com/index/clip/}},
  year         = {2021}, 
  note         = {Accessed: 2025-05-20}
}

% ALIGN
@misc{jia2021scalingvisualvisionlanguagerepresentation,
      title={Scaling Up Visual and Vision-Language Representation Learning With Noisy Text Supervision}, 
      author={Chao Jia and Yinfei Yang and Ye Xia and Yi-Ting Chen and Zarana Parekh and Hieu Pham and Quoc V. Le and Yunhsuan Sung and Zhen Li and Tom Duerig},
      year={2021},
      eprint={2102.05918},
      archivePrefix={arXiv},
      primaryClass={cs.CV},
      url={https://arxiv.org/abs/2102.05918}, 
}

% BLIP
@misc{li2022blipbootstrappinglanguageimagepretraining,
      title={BLIP: Bootstrapping Language-Image Pre-training for Unified Vision-Language Understanding and Generation}, 
      author={Junnan Li and Dongxu Li and Caiming Xiong and Steven Hoi},
      year={2022},
      eprint={2201.12086},
      archivePrefix={arXiv},
      primaryClass={cs.CV},
      url={https://arxiv.org/abs/2201.12086}, 
}

% BLIP-2
@misc{li2023blip2bootstrappinglanguageimagepretraining,
      title={BLIP-2: Bootstrapping Language-Image Pre-training with Frozen Image Encoders and Large Language Models}, 
      author={Junnan Li and Dongxu Li and Silvio Savarese and Steven Hoi},
      year={2023},
      eprint={2301.12597},
      archivePrefix={arXiv},
      primaryClass={cs.CV},
      url={https://arxiv.org/abs/2301.12597}, 
}