@inproceedings{radford2021learning,
  title        = {Learning Transferable Visual Models From Natural Language Supervision},
  author       = {Radford, Alec and Kim, Jong Wook and Hallacy, Chris and Ramesh, Aditya and Goh, Gabriel and Agarwal, Sandhini and Sastry, Girish and Askell, Amanda and Mishkin, Pamela and Clark, Jack and Krueger, Gretchen and Sutskever, Ilya},
  booktitle    = {Proceedings of the 38th International Conference on Machine Learning},
  series       = {Proceedings of Machine Learning Research},
  volume       = {139},
  pages        = {8748--8763},
  year         = {2021},
  publisher    = {PMLR},
  url          = {https://proceedings.mlr.press/v139/radford21a.html},
  eprint       = {2103.00020},
  archivePrefix = {arXiv},
  primaryClass = {cs.CV}
}

@misc{code_clip,
  author       = {OpenAI},
  title        = {{CLIP: Contrastive Language-Image Pre-training (Software Repository)}},
  howpublished = {\url{https://github.com/openai/CLIP}},
  year         = {2021}, 
  note         = {Accessed: 2025-05-20}
}

@misc{blog_clip,
  author       = {OpenAI},
  title        = {{CLIP: Connecting text and images}},
  howpublished = {\url{https://openai.com/index/clip/}},
  year         = {2021}, 
  note         = {Accessed: 2025-05-20}
}