@misc{repo,
    author = {Ha Duong and Hoang Trung and Duc Tai and Minh Trung},
    title = {{Math for AI - MTH00056, AI23@HCMUS}},
    howpublished = {\url{https://github.com/ductai05/Math-For-AI/}},
    year = {2025},
}

@inproceedings{metsis2006spam,
  title={Spam filtering with naive bayes-which naive bayes?},
  author={Metsis, Vangelis and Androutsopoulos, Ion and Paliouras, Georgios},
  booktitle={CEAS},
  volume={17},
  pages={28--69},
  year={2006},
  organization={Mountain View, CA}
}

@inproceedings{qader2019overview,
  title={An overview of bag of words; importance, implementation, applications, and challenges},
  author={Qader, Wisam A and Ameen, Musa M and Ahmed, Bilal I},
  booktitle={2019 international engineering conference (IEC)},
  pages={200--204},
  year={2019},
  organization={IEEE}
}